% cleaned up

@inproceedings{DietrichKBF18,
  author        = {Constanze Dietrich and Katharina Krombholz and Kevin Borgolte and Tobias Fiebig},
  crossref      = {DBLP:conf/ccs/2018},
  date-modified = {2020-03-06 11:02:53 +0100},
  pages         = {1272--1289},
  title         = {Investigating System Operators' Perspective on Security Misconfigurations},
  year          = {2018},
  bdsk-url-1    = {https://doi.org/10.1145/3243734.3243794}
}

% Alle: einheitliche Groß-/Kleinschreibung in Papertiteln, korrekte
       Alle: URLs komisch formatiert?
       Alle: Bei Papers (auch mit URL) kein Datum nötig - ibs. bei DOI-Angabe
       [BB], [CD], [DRA] usw.: extra () in der Referenz?
       [BB]: Jahr fehlt, Venue auch

% mine

@inproceedings{jacobSoftwaremanagedAddressTranslation1997,
  title      = {Software-Managed Address Translation},
  author     = {Jacob, B. and Mudge, T.},
  date       = {1997},
  pages      = {156--167},
  publisher  = {IEEE Comput. Soc. Press},
  doi        = {10.1109/HPCA.1997.569652},
  eventtitle = {Third {{International Symposium}} on {{High-Performance Computer Architecture}}},
  isbn       = {978-0-8186-7764-9},
  langid     = {english}
}