@online{RecordReplayQEMU,
  title   = {Record/Replay â€” {{QEMU}} Documentation},
  url     = {https://www.qemu.org/docs/master/system/replay.html},
  urldate = {2024-09-04},
  file    = {/home/max/Zotero/storage/AVZ88E5K/replay.html}
}
